@online{intensional-glif:github,
    title={Case study of implementing intensional logic in GLIF},
    urldate={2022-07-19},
    url={https://github.com/us77ipis/glif-intensional-logic},
}
