@book{opac-b1117475,
    title = "Set theory : an introduction to independence proofs",
    author = "Kunen, Kenneth",
    series = "Studies in logic and the foundations of mathematics",
    publisher = "Elsevier science",
    address = "Amsterdam, Lausanne, New York",
    url = "http://opac.inria.fr/record=b1117475",
    isbn = "0-444-86839-9",
    year = 1980
}


@book{fraleigh2003first,
  title={A first course in abstract algebra},
  author={Fraleigh, J.B. and Katz, V.J.},
  isbn={9780201763904},
  lccn={2002019357},
  series={Addison-Wesley world student series},
  url={https://books.google.de/books?id=xb0ZAQAAIAAJ},
  year={2003},
  publisher={Addison-Wesley}
}

@misc{1311.2873,
    Author = {Hassan Azad and Indranil Biswas},
    Title = {A note on real algebraic groups},
    Year = {2013},
    Eprint = {arXiv:1311.2873},
}

@misc{1311.4143,
    Author = {Takeshi Harui and Jiryo Komeda and Akira Ohbuchi},
    Title = {The Weierstrass semigroups on double covers of genus two curves},
    Year = {2013},
    Eprint = {arXiv:1311.4143},
}

@misc{1311.5471,
    Author = {Kathleen Johst and Yury Person},
    Title = {On the multicolor Ramsey number of a graph with m edges},
    Year = {2013},
    Eprint = {arXiv:1311.5471},
}

@misc{1311.0066,
    Author = {Sen Yang},
    Title = {K-theoretic Chow groups of derived categories of schemes-on a question by Green-Griffiths},
    Year = {2013},
    Eprint = {arXiv:1311.0066},
}

@misc{1311.5332,
    Author = {Gregory J. Puleo},
    Title = {On a conjecture of Erdos, Gallai, and Tuza},
    Year = {2014},
    Eprint = {arXiv:1311.5332},
}

@misc{1605.00813,
    Author = {Alain Lasjaunias and Jia-Yan Yao},
    Title = {On certain recurrent and automatic sequences in finite fields},
    Year = {2016},
    Eprint = {arXiv:1605.00813},
}


@misc{1006.0622,
    Author = {Alastair Fletcher and Dan Goodman},
    Title = {Quasiregular mappings of polynomial type in R\^2},
    Year = {2010},
    Eprint = {arXiv:1006.0622},
}

@misc{0906.4010,
    Author = {Chao You},
    Title = {Simplified and Equivalent Characterizations of Banach Limit Functional and Strong Almost Convergence},
    Year = {2009},
    Eprint = {arXiv:0906.4010},
}

@article{0804.4214,
    Author = {A. P. Isaev and A. I. Molev and A. F. Os'kin},
    Title = {On the idempotents of Hecke algebras},
    Year = {2008},
    Eprint = {arXiv:0804.4214},
    Howpublished = {Lett. Math. Phys. 85 (2008), 79-90},
    Doi = {10.1007/s11005-008-0254-7},
}

@misc{0705.0670,
    Author = {Silvio Capobianco},
    Title = {Surjunctivity for cellular automata in Besicovitch spaces},
    Year = {2007},
    Eprint = {arXiv:0705.0670},
}

@article{0908.3668,
    Author = {Peter Bubenik and Gunnar Carlsson and Peter T. Kim and Zhiming Luo},
    Title = {Statistical topology via Morse theory, persistence and nonparametric estimation},
    Year = {2009},
    Eprint = {arXiv:0908.3668},
    Howpublished = {Contemporary Mathematics, Vol. 516 (2010), pp. 75-92},
}

@Unpublished{Linsen:ESM4ASlides,
  author = 	 {Lars Linsen},
  title = {ESM4A - Numerical Methods},
  note = 	 {Lecture Slides},
  url = {http://www.faculty.jacobs-university.de/llinsen/teaching/120202.htm},
  year = 	 2015}

