@unpublished{Rabe:mmtsys:16,
  author = {Florian Rabe},
  title = "MMT: A Foundation-Independent Approach to Formal Knowledge",
  url = {https://uniformal.github.io/doc/philosophy/articles/mmt.pdf},
  year = {2016},
  type = {Online Documentation},
  pubs = {frabe,mmt}}
