@misc{krisciunas2022including,
      title={Including Atmospheric Extinction in a Performance Evaluation of a Fixed Grid of Solar Panels}, 
      author={Kevin Krisciunas},
      year={2022},
      eprint={2107.02876},
      archivePrefix={arXiv},
      primaryClass={astro-ph.IM}
}


@misc{johst2013multicolor,
      title={On the multicolor Ramsey number of a graph with m edges}, 
      author={Kathleen Johst and Yury Person},
      year={2013},
      eprint={1311.5471},
      archivePrefix={arXiv},
      primaryClass={math.CO}
}


@article{Althaus_2022,
	doi = {10.1051/0004-6361/202243943},
	url = {https://doi.org/10.1051%2F0004-6361%2F202243943},
	year = 2022,
	month = {jul},
	publisher = {{EDP} Sciences},
	volume = {663},
	pages = {A167},
	author = {Leandro G. Althaus and Alejandro H. C{\'{o}
}rsico},
	title = {New {DA} white dwarf models for asteroseismology of {ZZ} Ceti stars},
	journal = {Astronomy \& Astrophysics}
}
