@online{intensional-glif:github,
    title={Case study of implementing intensional logic in GLIF},
    urldate={2022-07-19},
    url={https://github.com/us77ipis/glif-intensional-logic},
}

@online{odkd49,
    title={Report on OpenDreamKit deliverable D4.9, in-place computation in active documents (context/computation)},
    author={Michael Kohlhase, Tom Wiesing},
    url={https://raw.githubusercontent.com/OpenDreamKit/OpenDreamKit/master/WP4/D4.9/report-final.pdf},
    urldate={2022-12-02}
}

