@online{SML:arXMLiv:2020,
    author = {Deyan Ginev},
    title = {arXMLiv:2020 dataset, an HTML5 conversion of arXiv.org},
    url = {https://sigmathling.kwarc.info/resources/arxmliv-dataset-2020/},
    note = {SIGMathLing -- Special Interest Group on Math Linguistics},
    year = {2020}
}


@Misc{latexml,
  author =   {Bruce Miller},
  title =    {{\texttt{LaTeXML}}: A {\LaTeX} to {XML} Converter},
  url = {http://dlmf.nist.gov/LaTeXML/},
  urldate={2023-03-22}
}


@online{webanno,
    key={WAN},
    url = {https://www.w3.org/annotation/},
    title = {Web Annotation Working Group},
    url-date={2023-04-05}
}

@online{webannons,
    key={WEV},
    url={https://www.w3.org/ns/oa},
    title={Web Annotation Ontology},
    url-date={2023-04-05}
}

@inProceedings{semanarxmliv09,
  author = 	 {Deyan Ginev and Constantin Jucovschi and Stefan Anca and Mihai Grigore
                  and Catalin David and Michael Kohlhase},
  title = 	 {An Architecture for Linguistic and Semantic Analysis on the {arXMLiv} Corpus},
  booktitle =    {Applications of Semantic Technologies (AST) Workshop at Informatik 2009},
  year = 	 {2009},
}

@online{jsonld,
    key={JLD},
    url={https://json-ld.org/},
    title={JSON for Linking Data},
    url-date={2023-04-05}
}


@article{rijgersberg2013ontology,
  title={Ontology of units of measure and related concepts},
  author={Rijgersberg, Hajo and Van Assem, Mark and Top, Jan},
  journal={Semantic Web},
  volume={4},
  number={1},
  pages={3--13},
  year={2013},
  publisher={IOS Press}
}

@online{conllu,
    key={CNU},
    title={CoNLL-U Format},
    url={https://universaldependencies.org/format.html},
    url-date={2023-04-06}
}

@inproceedings{elizarov2022ontomathpro,
  title={OntoMathPRO: Ontology of Mathematical Knowledge},
  author={Elizarov, AM and Kirillovich, AV and Lipachev, EK and Nevzorova, OA},
  booktitle={Doklady Mathematics},
  pages={1--7},
  year={2022},
  organization={Springer}
}
% editor="Barr{\'o}n-Cede{\~{n}}o, Alberto and Da San Martino, Giovanni and Degli Esposti, Mirko and Sebastiani, Fabrizio and Macdonald, Craig and Pasi, Gabriella and Hanbury, Allan and Potthast, Martin and Faggioli, Guglielmo and Ferro, Nicola",

@InProceedings{arqmath3,
    author="Mansouri, Behrooz and Novotn{\'y}, V{\'i}t and Agarwal, Anurag and Oard, Douglas W.  and Zanibbi, Richard",
    title="Overview of ARQMath-3 (2022): Third CLEF Lab on Answer Retrieval for Questions on Math",
    booktitle="Experimental IR Meets Multilinguality, Multimodality, and Interaction",
    year="2022",
    publisher="Springer International Publishing",
    address="Cham",
    pages="286--310",
    isbn="978-3-031-13643-6"
}
